@article{nishimura2017unified,
  title={A Comprehensive Approach to Revealed Preference Theory},
  author={Nishimura, Hiroki and Ok, Efe A and Quah, John K-H},
  journal={The American Economic Review},
  volume={107},
  number={4},
  pages={1239--1263},
  year={2017},
  publisher={American Economic Association}
}


@article{dolgopolov2018revealed,
  title={Revealed Social Preferences},
  author={Dolgopolov, Arthur and Freer, Mikhail},
  year={2018}
}

@article{aaberge2009ranking,
  title={Ranking intersecting Lorenz curves},
  author={Aaberge, Rolf},
  journal={Social Choice and Welfare},
  volume={33},
  number={2},
  pages={235--259},
  year={2009},
  publisher={Springer}
}

@article{cherchye2018revealed,
  title={Revealed preference analysis with normal goods: application to cost of living indices},
  author={Cherchye, Laurens and Demuynck, Thomas and De Rock, Bram and Surana, Khushboo},
  year={2018},
  journal={Working Paper}
}

@article{freer2018children,
  title={Stable Marriage with Children: Child Custody and Intrahousehold Sharing},
  author={Freer, Mikhail and Surana, Khushboo},
  year={2018},
  journal={Working Paper}
}

@phdthesis{coudert2016note,
  title={A note on Integer Linear Programming formulations for linear ordering problems on graphs},
  author={Coudert, David},
  year={2016},
  school={Inria; I3S; Universite Nice Sophia Antipolis; CNRS}
}

@article{dolgopolov2018revealed,
  title={Revealed Social Preferences},
  author={Dolgopolov, Arthur and Freer, Mikhail},
  year={2018},
  journal={Working Paper}
}

@article{brunner2017does,
  title={Does mutual knowledge of preferences lead to more equilibrium play? Experimental evidence},
  author={Brunner, Christoph and Kauffeldt, T Florian and Rau, Hannes},
  year={2017},
  journal={Working Paper}
}

@article{healy2016epistemic,
  title={Epistemic experiments: Utilities, beliefs, and irrational play},
  author={Healy, PAUL J},
  year={2017},
  journal={Working Paper}
}

@article{lazzati2016revealed,
  title={A revealed preference theory of monotone choice and strategic complementarity},
  author={Lazzati, Natalia and Quah, John K-H and Shirai, Koji and others},
  year={2015}
}


@article{cherchye2016normality,
  title={Normality of demand in a two-goods setting},
  author={Cherchye, Laurens and Demuynck, Thomas and De Rock, Bram},
  year={2018},
  journal = {Journal of Economic Theory},
  volume = {173},
  pages = {361-382}
}

@article{debreu1954representation,
  title={Representation of a preference ordering by a numerical function},
  author={Debreu, Gerard},
  journal={Decision processes},
  volume={3},
  pages={159--165},
  year={1954},
  publisher={New York}
}

@article{cox2004identify,
  title={How to identify trust and reciprocity},
  author={Cox, James C},
  journal={Games and Economic Behavior},
  volume={46},
  number={2},
  pages={260--281},
  year={2004},
  publisher={Elsevier}
}

@article{berg1995trust,
  title={Trust, reciprocity, and social history},
  author={Berg, Joyce and Dickhaut, John and McCabe, Kevin},
  journal={Games and Bconomic Behavior},
  volume={10},
  number={1},
  pages={122--142},
  year={1995},
  publisher={Elsevier}
}

@article{andreoni2003carrot,
  title={The carrot or the stick: Rewards, punishments, and cooperation},
  author={Andreoni, James and Harbaugh, William and Vesterlund, Lise},
  journal={The American Economic Review},
  volume={93},
  number={3},
  pages={893--902},
  year={2003},
  publisher={JSTOR}
}

@article{falk2003nature,
  title={On the nature of fair behavior},
  author={Falk, Armin and Fehr, Ernst and Fischbacher, Urs},
  journal={Economic Inquiry},
  volume={41},
  number={1},
  pages={20--26},
  year={2003},
  publisher={Wiley Online Library}
}

@article{andreoni2003bargainers,
  title={What do bargainers' preferences look like? Experiments with a convex ultimatum game},
  author={Andreoni, James and Castillo, Marco and Petrie, Ragan},
  journal={The American Economic Review},
  volume={93},
  number={3},
  pages={672--685},
  year={2003},
  publisher={American Economic Association}
}

@article{becker2013revealed,
  title={Revealed Notions of Distributive Justice I--Theory},
  author={Becker, Nicole and H{\"a}ger, Kirsten and Heufer, Jan},
  year={2013}
}

@article{becker2015s,
  title={That's just-not fair: Gender differences in notions of justice},
  author={Becker, Nicole and H{\"a}ger, Kirsten and Heufer, Jan},
  year={2015},
  journal = {Ruhr Economic Papers, No. 578}
}

@article{heufer2014generating,
  title={Generating random optimising choices},
  author={Heufer, Jan},
  journal={Computational Economics},
  volume={44},
  number={3},
  pages={295--305},
  year={2014},
  publisher={Springer}
}

@article{dufwenberg2011other,
  title={Other-regarding preferences in general equilibrium},
  author={Dufwenberg, Martin and Heidhues, Paul and Kirchsteiger, Georg and Riedel, Frank and Sobel, Joel},
  journal={The Review of Economic Studies},
  volume={78},
  number={2},
  pages={613--639},
  year={2011},
  publisher={Oxford University Press}
}

@article{benjamin2015distributional,
  title={Distributional preferences, reciprocity-like behavior, and efficiency in bilateral exchange},
  author={Benjamin, Daniel J},
  journal={American Economic Journal: Microeconomics},
  volume={7},
  number={1},
  pages={70--98},
  year={2015},
  publisher={American Economic Association}
}

@article{andreoni1990impure,
  title={Impure altruism and donations to public goods: A theory of warm-glow giving},
  author={Andreoni, James},
  journal={The economic journal},
  volume={100},
  number={401},
  pages={464--477},
  year={1990},
  publisher={JSTOR}
}

@article{varian1982nonparametric,
  title={The nonparametric approach to demand analysis},
  author={Varian, Hal R},
  journal={Econometrica: Journal of the Econometric Society},
  pages={945--973},
  year={1982},
  publisher={JSTOR}
}

@article{cox2008revealed,
  title={Revealed altruism},
  author={Cox, James C and Friedman, Daniel and Sadiraj, Vjollca},
  journal={Econometrica},
  volume={76},
  number={1},
  pages={31--69},
  year={2008},
  publisher={Wiley Online Library}
}

@article{polisson2017revealed,
  title={Revealed preferences over risk and uncertainty},
  author={Polisson, Matthew and Quah, John K-H and Renou, Ludovic},
  year={2017},
  publisher={University of St Andrews}
}

@article{afriat1967construction,
  title={The construction of utility functions from expenditure data},
  author={Afriat, Sydney N},
  journal={International economic review},
  volume={8},
  number={1},
  pages={67--77},
  year={1967},
  publisher={JSTOR}
}

@article{andreoni2002giving,
  title={Giving according to GARP: An experimental test of the consistency of preferences for altruism},
  author={Andreoni, James and Miller, John},
  journal={Econometrica},
  volume={70},
  number={2},
  pages={737--753},
  year={2002},
  publisher={Wiley Online Library}
}

@article{harbaugh2001garp,
  title={GARP for kids: On the development of rational choice behavior},
  author={Harbaugh, William T and Krause, Kate and Berry, Timothy R},
  journal={The American Economic Review},
  volume={91},
  number={5},
  pages={1539--1545},
  year={2001},
  publisher={JSTOR}
}

@article{castillononparametric,
  title={Nonparametric utility theory in strategic settings: Revealing preferences and beliefs from games of proposal and response},
  author={Castillo, Marco E and Cross, Philip J and Freer, Mikhail},
  journal={Working Paper},
  year={2017}
}

@article{castillo2008mice,
  title={Of mice and men: Within gender variation in strategic behavior},
  author={Castillo, Marco E and Cross, Philip J},
  journal={Games and Economic Behavior},
  volume={64},
  number={2},
  pages={421--432},
  year={2008},
  publisher={Elsevier}
}

@article{andreoni2005power,
  title={Power indices for revealed preference tests},
  author={Andreoni, James and Harbaugh, William},
  year={2005},
  journal={Working Paper}
}

@article{bronars1987power,
  title={The power of nonparametric tests of preference maximization},
  author={Bronars, Stephen G},
  journal={Econometrica: Journal of the Econometric Society},
  pages={693--698},
  year={1987},
  publisher={JSTOR}
}

@article{cherchye2007collective,
  title={The collective model of household consumption: a nonparametric characterization},
  author={Cherchye, Laurens and De Rock, Bram and Vermeulen, Frederic},
  journal={Econometrica},
  volume={75},
  number={2},
  pages={553--574},
  year={2007},
  publisher={Wiley Online Library}
}

@article{richter1966revealed,
  title={Revealed preference theory},
  author={Richter, Marcel K},
  journal={Econometrica: Journal of the Econometric Society},
  pages={635--645},
  year={1966},
  publisher={JSTOR}
}

@article{demuynck2015statistical,
  title={Statistical inference for measures of predictive success},
  author={Demuynck, Thomas},
  journal={Theory and Decision},
  volume={79},
  number={4},
  pages={689--699},
  year={2015},
  publisher={Springer}
}

@article{smeulders2014goodness,
  title={Goodness-of-fit measures for revealed preference tests: Complexity results and algorithms},
  author={Smeulders, Bart and Spieksma, Frits CR and Cherchye, Laurens and De Rock, Bram},
  journal={ACM Transactions on Economics and Computation},
  volume={2},
  number={1},
  pages={3},
  year={2014},
  publisher={ACM}
}

@book{chambers2016revealed,
  title={Revealed preference theory},
  author={Chambers, Christopher P and Echenique, Federico},
  volume={56},
  year={2016},
  publisher={Cambridge University Press}
}

@article{freer2016representation,
  title={A Representation Theorem for General Revealed Preference},
  author={Freer, Mikhail and Martinelli, C{\'e}sar A},
  year={2016}
}

@article{lavergne2004inequality,
  title={Inequality aversion, efficiency, and maximin preferences in simple distribution experiments},
  author={Engellman, Dirk and Strobel, Martin},
  journal={The American Economic Review},
  volume={94},
  number={4},
  pages={857--869},
  year={2004},
  publisher={American Economic Association}
}

@article{brown1996testable,
  title={Testable restrictions on the equilibrium manifold},
  author={Brown, Donald J and Matzkin, Rosa L},
  journal={Econometrica: Journal of the Econometric Society},
  pages={1249--1262},
  year={1996},
  publisher={JSTOR}
}

@article{carvajal2014nonparametric,
  title={A nonparametric analysis of multi-product oligopolies},
  author={Carvajal, Andr{\'e}s and Deb, Rahul and Fenske, James and Quah, John K-H},
  journal={Economic Theory},
  volume={57},
  number={2},
  pages={253--277},
  year={2014},
  publisher={Springer}
}

@article{ray2003observable,
  title={Observable implications of Nash and subgame-perfect behavior in extensive games},
  author={Ray, Indrajit and Snyder, Susan},
  year={2003}
}

@article{ray2001game,
  title={Game theory via revealed preferences},
  author={Ray, Indrajit and Zhou, Lin},
  journal={Games and Economic Behavior},
  volume={37},
  number={2},
  pages={415--424},
  year={2001},
  publisher={Elsevier}
}

@article{xu2007rationalizability,
  title={Rationalizability of choice functions by game trees},
  author={Xu, Yongsheng and Zhou, Lin},
  journal={Journal of Economic theory},
  volume={134},
  number={1},
  pages={548--556},
  year={2007},
  publisher={Elsevier}
}

@article{sprumont2000testable,
  title={On the testable implications of collective choice theories},
  author={Sprumont, Yves},
  journal={Journal of Economic Theory},
  volume={93},
  number={2},
  pages={205--232},
  year={2000},
  publisher={Elsevier}
}

@article{cherchye2011revealed,
  title={Revealed Preference Analysis of Non-Cooperative Household Consumption},
  author={Cherchye, Laurens and Demuynck, Thomas and Rock, Bram De},
  journal={The Economic Journal},
  volume={121},
  number={555},
  pages={1073--1096},
  year={2011},
  publisher={Wiley Online Library}
}

@article{echenique2013revealed,
  title={The revealed preference theory of stable and extremal stable matchings},
  author={Echenique, Federico and Lee, Sangmok and Shum, Matthew and Yenmez, M Bumin},
  journal={Econometrica},
  volume={81},
  number={1},
  pages={153--171},
  year={2013},
  publisher={Wiley Online Library}
}

@article{cherchye2017household,
  title={Household consumption when the marriage is stable},
  author={Cherchye, Laurens and Demuynck, Thomas and De Rock, Bram and Vermeulen, Frederic},
  journal={American Economic Review},
  volume={107},
  number={6},
  pages={1507--34},
  year={2017}
}


@inproceedings{levin1983measurable,
  title={Measurable utility theorems for closed and lexicographic preference relations},
  author={Levin, Vladimir L},
  booktitle={Soviet Math. Dokl},
  volume={27},
  number={3},
  pages={639--643},
  year={1983}
}

@article{blanco2011within,
  title={A within-subject analysis of other-regarding preferences},
  author={Blanco, Mariana and Engelmann, Dirk and Normann, Hans Theo},
  journal={Games and Economic Behavior},
  volume={72},
  number={2},
  pages={321--338},
  year={2011},
  publisher={Elsevier}
}

@article{ok2014revealed,
  title={Revealed (p) reference theory},
  author={Ok, Efe A and Ortoleva, Pietro and Riella, Gil},
  journal={The American Economic Review},
  volume={105},
  number={1},
  pages={299--321},
  year={2014},
  publisher={American Economic Association}
}

@article{fehr2006inequality,
  title={Inequality aversion, efficiency, and maximin preferences in simple distribution experiments: Comment},
  author={Fehr, Ernst and Naef, Michael and Schmidt, Klaus M},
  journal={The American economic review},
  volume={96},
  number={5},
  pages={1912--1917},
  year={2006},
  publisher={JSTOR}
}

@article{bolton2000erc,
  title={ERC: A theory of equity, reciprocity, and competition},
  author={Bolton, Gary E and Ockenfels, Axel},
  journal={American economic review},
  pages={166--193},
  year={2000},
  publisher={JSTOR}
}

@article{arifovic2012individual,
  title={Individual evolutionary learning, other-regarding preferences, and the voluntary contributions mechanism},
  author={Arifovic, Jasmina and Ledyard, John},
  journal={Journal of Public Economics},
  volume={96},
  number={9},
  pages={808--823},
  year={2012},
  publisher={Elsevier}
}

@article{charness2002understanding,
  title={Understanding social preferences with simple tests},
  author={Charness, Gary and Rabin, Matthew},
  journal={The Quarterly Journal of Economics},
  volume={117},
  number={3},
  pages={817--869},
  year={2002},
  publisher={Oxford University Press}
}

@article{rabin1993incorporating,
  title={Incorporating fairness into game theory and economics},
  author={Rabin, Matthew},
  journal={The American economic review},
  pages={1281--1302},
  year={1993},
  publisher={JSTOR}
}

@article{fisman2007individual,
  title={Individual preferences for giving},
  author={Fisman, Raymond and Kariv, Shachar and Markovits, Daniel},
  journal={The American Economic Review},
  volume={97},
  number={5},
  pages={1858--1876},
  year={2007},
  publisher={American Economic Association}
}

@article{fehr1999theory,
  title={A theory of fairness, competition, and cooperation},
  author={Fehr, Ernst and Schmidt, Klaus M},
  journal={The quarterly journal of economics},
  volume={114},
  number={3},
  pages={817--868},
  year={1999},
  publisher={Oxford University Press}
}

@article{afriat1973system,
  title={On a system of inequalities in demand analysis: an extension of the classical method},
  author={Afriat, Sydney N},
  journal={International economic review},
  pages={460--472},
  year={1973},
  publisher={JSTOR}
}

@article{beatty2011demanding,
  title={How demanding is the revealed preference approach to demand?},
  author={Beatty, Timothy KM and Crawford, Ian A},
  journal={The American Economic Review},
  volume={101},
  number={6},
  pages={2782--2795},
  year={2011},
  publisher={American Economic Association}
}

@article{selten1991properties,
  title={Properties of a measure of predictive success},
  author={Selten, Reinhard},
  journal={Mathematical Social Sciences},
  volume={21},
  number={2},
  pages={153--167},
  year={1991},
  publisher={Elsevier}
}

@article{andreoni2002giving,
  title={Giving according to GARP: An experimental test of the consistency of preferences for altruism},
  author={Andreoni, James and Miller, John},
  journal={Econometrica},
  volume={70},
  number={2},
  pages={737--753},
  year={2002},
  publisher={Wiley Online Library}
}

@book{marti2011linear,
	title={The linear ordering problem: exact and heuristic methods in combinatorial optimization},
	author={Mart{\'\i}, Rafael and Reinelt, Gerhard},
	volume={175},
	year={2011},
	publisher={Springer Science \& Business Media}
}

@article{smeulders2013money,
	title={The money pump as a measure of revealed preference violations: A comment},
	author={Smeulders, Bart and Cherchye, Laurens and Spieksma, Frits CR and De Rock, Bram},
	journal={Journal of Political Economy},
	volume={121},
	number={6},
	pages={1248--1258},
	year={2013},
	publisher={University of Chicago Press Chicago, IL}
}

@article{chiappori2007divorce,
  title={Divorce, remarriage, and child support},
  author={Chiappori, Pierre-Andre and Weiss, Yoram},
  journal={Journal of Labor Economics},
  volume={25},
  number={1},
  pages={37--74},
  year={2007},
  publisher={The University of Chicago Press}
}


@article{samuelson1938note,
  title={A note on the pure theory of consumer's behaviour},
  author={Samuelson, Paul A},
  journal={Economica},
  volume={5},
  number={17},
  pages={61--71},
  year={1938},
  publisher={JSTOR}
}


@article{echenique2011money,
	title={The money pump as a measure of revealed preference violations},
	author={Echenique, Federico and Lee, Sangmok and Shum, Matthew},
	journal={Journal of Political Economy},
	volume={119},
	number={6},
	pages={1201--1223},
	year={2011},
	publisher={University of Chicago Press Chicago, IL}
}

@article{apesteguia2015measure,
	title={A measure of rationality and welfare},
	author={Apesteguia, Jose and Ballester, Miguel A},
	journal={Journal of Political Economy},
	volume={123},
	number={6},
	pages={1278--1310},
	year={2015},
	publisher={University of Chicago Press Chicago, IL}
}

HMI

@article{heufer2015consistent,
	title={Consistent subsets: Computationally feasible methods to compute the Houtman--Maks-index},
	author={Heufer, Jan and Hjertstrand, Per},
	journal={Economics Letters},
	volume={128},
	pages={87--89},
	year={2015},
	publisher={Elsevier}
}

@article{choi2014more,
	title={Who is (more) rational?},
	author={Choi, Syngjoo and Kariv, Shachar and M{\"u}ller, Wieland and Silverman, Dan},
	journal={The American Economic Review},
	volume={104},
	number={6},
	pages={1518--1550},
	year={2014},
	publisher={American Economic Association}
}

@article{dean2016measuring,
	title={Measuring rationality with the minimum cost of revealed preference violations},
	author={Dean, Mark and Martin, Daniel},
	journal={Review of Economics and Statistics},
	volume={98},
	number={3},
	pages={524--534},
	year={2016},
	publisher={MIT Press}
}

@article{fehr2006inequality,
  title={Inequality aversion, efficiency, and maximin preferences in simple distribution experiments: Comment},
  author={Fehr, Ernst and Naef, Michael and Schmidt, Klaus M},
  journal={American Economic Review},
  volume={96},
  number={5},
  pages={1912--1917},
  year={2006},
  publisher={JSTOR}
}

@article{bolton2006inequality,
  title={Inequality aversion, efficiency, and maximin preferences in simple distribution experiments: comment},
  author={Bolton, Gary E and Ockenfels, Axel},
  journal={The American economic review},
  volume={96},
  number={5},
  pages={1906--1911},
  year={2006},
  publisher={JSTOR}
}
Appendix data

@article{porter2016love,
	title={For love or reward? Characterising preferences for giving to parents in an experimental setting},
	author={Porter, Maria and Adams, Abi},
	journal={The Economic Journal},
	volume={126},
	number={598},
	pages={2424--2445},
	year={2016},
	publisher={Wiley Online Library}
}

Additional theory

@article{maccheroni2012social,
	title={Social decision theory: Choosing within and between groups},
	author={Maccheroni, Fabio and Marinacci, Massimo and Rustichini, Aldo},
	journal={Review of Economic Studies},
	volume={79},
	number={4},
	pages={1591--1636},
	year={2012},
	publisher={Oxford University Press}
}

@article{szabo2012selfishness,
	title={Selfishness, fraternity, and other-regarding preference in spatial evolutionary games},
	author={Szabo, Gyoergy and Szolnoki, Attila},
	journal={Journal of theoretical biology},
	volume={299},
	pages={81--87},
	year={2012},
	publisher={Elsevier}
}

@article{hoffman1996social,
	title={Social distance and other-regarding behavior in dictator games},
	author={Hoffman, Elizabeth and McCabe, Kevin and Smith, Vernon L},
	journal={The American Economic Review},
	volume={86},
	number={3},
	pages={653--660},
	year={1996},
	publisher={JSTOR}
}

@article{agranov2015equilibrium,
	title={Equilibrium tax rates and income redistribution: A laboratory study},
	author={Agranov, Marina and Palfrey, Thomas R},
	journal={Journal of Public Economics},
	volume={130},
	pages={45--58},
	year={2015},
	publisher={Elsevier}
}

@article{durante2014preferences,
	title={Preferences for redistribution and perception of fairness: An experimental study},
	author={Durante, Ruben and Putterman, Louis and Van der Weele, Jo{\"e}l},
	journal={Journal of the European Economic Association},
	volume={12},
	number={4},
	pages={1059--1086},
	year={2014},
	publisher={Oxford University Press}
}

@article{tyran2006little,
	title={A little fairness may induce a lot of redistribution in democracy},
	author={Tyran, Jean-Robert and Sausgruber, Rupert},
	journal={European Economic Review},
	volume={50},
	number={2},
	pages={469--485},
	year={2006},
	publisher={Elsevier}
}

@article{hochtl2012inequality,
	title={Inequality aversion and voting on redistribution},
	author={H{\"o}chtl, Wolfgang and Sausgruber, Rupert and Tyran, Jean-Robert},
	journal={European economic review},
	volume={56},
	number={7},
	pages={1406--1421},
	year={2012},
	publisher={Elsevier}
}

@article{fong2001social,
	title={Social preferences, self-interest, and the demand for redistribution},
	author={Fong, Christina},
	journal={Journal of Public economics},
	volume={82},
	number={2},
	pages={225--246},
	year={2001},
	publisher={Elsevier}
}

@article{deb2014testing,
	title={Testing motives for charitable giving: A revealed-preference methodology with experimental evidence},
	author={Deb, Rahul and Gazzale, Robert S and Kotchen, Matthew J},
	journal={Journal of Public Economics},
	volume={120},
	pages={181--192},
	year={2014},
	publisher={Elsevier}
}

Clustering

@inproceedings{liu2000clustering,
	title={Clustering through decision tree construction},
	author={Liu, Bing and Xia, Yiyuan and Yu, Philip S},
	booktitle={Proceedings of the ninth international conference on Information and knowledge management},
	pages={20--29},
	year={2000},
	organization={ACM}
}

Rotten kid paper

@article{becker1974theory,
	title={A theory of social interactions},
	author={Becker, Gary S},
	journal={Journal of political economy},
	volume={82},
	number={6},
	pages={1063--1093},
	year={1974},
	publisher={The University of Chicago Press}
}